<?xml version="1.0" encoding="utf-8"?>
<record xmlns="http://www.loc.gov/MARC21/slim" xmlns:xsi="http://www.w3.org/2001/XMLSchema-instance" xsi:schemaLocation="http://www.loc.gov/MARC21/slim http://www.loc.gov/standards/marcxml/schema/MARC21slim.xsd">
	<leader>     nam a22        4500</leader>
	<controlfield tag="001">b1233571x</controlfield>
	<controlfield tag="003">LeBAU</controlfield>
	<controlfield tag="006">m        d        </controlfield>
	<controlfield tag="007">cr cn |||m|||a</controlfield>
	<controlfield tag="008">171023s1951    ua      o     ||1 0 ara d</controlfield>
	<datafield ind1=" " ind2=" " tag="040">
		<subfield code="a">NNU</subfield>
		<subfield code="b">ara</subfield>
		<subfield code="e">rda</subfield>
		<subfield code="c">NNU</subfield>
	</datafield>
	<datafield ind1=" " ind2="4" tag="050">
		<subfield code="a">BP135.A3</subfield>
		<subfield code="b">S525 1951</subfield>
	</datafield>
	<datafield ind1="0" ind2="4" tag="082">
		<subfield code="a">297.08</subfield>
		<subfield code="2">20</subfield>
	</datafield>
	<datafield ind1="1" ind2=" " tag="100">
		<subfield code="6">880-01</subfield>
		<subfield code="a">Shāfiʻī, Muḥammad ibn Idrīs,</subfield>
		<subfield code="d">767 or 768-820,</subfield>
		<subfield code="e">author.</subfield>
	</datafield>
	<datafield ind1="1" ind2="0" tag="245">
		<subfield code="6">880-02</subfield>
		<subfield code="a">Tartīb musnad al-imām al-mu‘aẓẓam wa-al-mujtahid al-muqaddam Abī ʻAbd Allāh Muḥammad ibn Idrīs al-Shāfiʻī al-mutawaffá sanat 204 H. /</subfield>
		<subfield code="c">rattabahu al-muḥaddith al-bāri‘ Muḥammad ʻĀbid al-Sindī ‘alá al-abwāb al-fiqhīyah anfa‘ tartīb, ma‘a tahdhībihi abda‘ tahdhīb ba‘da an kāna ghayr mubawwab walā muhadhdhab ; ‘arrafa al-kitāb wa-tarjama lil-mu’allif al-‘allāmah al-muḥaddith al-kabīr ṣāḥib al-faḍīlah al-Shaykh Muḥammad Zāhid ibn al-Ḥasan al-Kawtharī, wakīl al-mashyakhah al-Islāmīyah fī al-khilāfah al-‘Uthmānīyah sābiqan ; tawallá nashrahu wa-taṣḥīḥahu wa-murāja‘at uṣūlahu ‘alá nuskhatayn makhṭūṭatayn bi-Dār al-Kutub al-Malakīyah al-Miṣrīyah al-Sayyid Yūsuf ʻAlī al-Zawāwī al-Ḥasanī min ‘ulamā’ al-Azhar al-sharīf, al-Sayyid ʻIzzat al-ʻAṭṭār al-Ḥusaynī mu’assis wa-mudīr Maktab Nashr al-Thaqāfah al-Islāmīyah.</subfield>
	</datafield>
	<datafield ind1=" " ind2=" " tag="300">
		<subfield code="6">880-03</subfield>
		<subfield code="a">online resource (2 volumes)</subfield>
	</datafield>
	<datafield ind1=" " ind2=" " tag="336">
		<subfield code="a">text</subfield>
		<subfield code="2">rdacontent</subfield>
	</datafield>
	<datafield ind1=" " ind2=" " tag="337">
		<subfield code="a">computer</subfield>
		<subfield code="2">rdamedia</subfield>
	</datafield>
	<datafield ind1=" " ind2=" " tag="338">
		<subfield code="a">online resource</subfield>
		<subfield code="2">rdacarrier</subfield>
	</datafield>
	<datafield ind1=" " ind2=" " tag="500">
		<subfield code="a">Part of the Arabic Collections Online (ACO) project, contributed by American University of Beirut's Jafet Memorial Library.</subfield>
	</datafield>
	<datafield ind1=" " ind2=" " tag="533">
		<subfield code="a">Electronic reproduction.</subfield>
		<subfield code="b">New York, N.Y. :</subfield>
		<subfield code="c">New York University,</subfield>
		<subfield code="d">2017.</subfield>
		<subfield code="5">NNU</subfield>
	</datafield>
	<datafield ind1=" " ind2="0" tag="650">
		<subfield code="6">880-04</subfield>
		<subfield code="a">Hadith</subfield>
		<subfield code="v">Early works to 1800.</subfield>
	</datafield>
	<datafield ind1=" " ind2="0" tag="650">
		<subfield code="6">880-05</subfield>
		<subfield code="a">Islamic law</subfield>
		<subfield code="x">Interpretation and construction</subfield>
		<subfield code="v">Early works to 1800.</subfield>
	</datafield>
	<datafield ind1=" " ind2="0" tag="650">
		<subfield code="6">880-06</subfield>
		<subfield code="a">Shafiites</subfield>
		<subfield code="v">Early works to 1800.</subfield>
	</datafield>
	<datafield ind1="1" ind2=" " tag="700">
		<subfield code="6">880-07</subfield>
		<subfield code="a">Sindī, Muḥammad ʻĀbid,</subfield>
		<subfield code="d">-1841,</subfield>
		<subfield code="e">compiler.</subfield>
	</datafield>
	<datafield ind1="1" ind2=" " tag="700">
		<subfield code="6">880-08</subfield>
		<subfield code="a">Kawtharī, Muḥammad Zāhid ibn al-Ḥasan,</subfield>
		<subfield code="e">compiler.</subfield>
	</datafield>
	<datafield ind1="1" ind2=" " tag="700">
		<subfield code="6">880-09</subfield>
		<subfield code="a">Ḥasanī, Yūsuf ʻAlī al-Zawāwī,</subfield>
		<subfield code="e">annotator.</subfield>
	</datafield>
	<datafield ind1="1" ind2=" " tag="700">
		<subfield code="6">880-10</subfield>
		<subfield code="a">Ḥusaynī, ʻIzzat al-ʻAṭṭār,</subfield>
		<subfield code="e">annotator.</subfield>
	</datafield>
	<datafield ind1="2" ind2=" " tag="710">
		<subfield code="a">Jafet Memorial Library.</subfield>
	</datafield>
	<datafield ind1="0" ind2=" " tag="730">
		<subfield code="a">Arabic Collections Online.</subfield>
	</datafield>
	<datafield ind1="0" ind2="8" tag="776">
		<subfield code="i">Print version:</subfield>
		<subfield code="a">Shāfiʻī, Muḥammad ibn Idrīs, 767 or 768-820, author.</subfield>
		<subfield code="t">Tartīb musnad al-imām al-mu‘aẓẓam wa-al-mujtahid al-muqaddam Abī ʻAbd Allāh Muḥammad ibn Idrīs al-Shāfiʻī al-mutawaffá sanat 204 H</subfield>
		<subfield code="w">(LeBAU)b1233571x</subfield>
	</datafield>
	<datafield ind1="4" ind2="0" tag="856">
		<subfield code="u">http://hdl.handle.net/2333.1/j9kd56n8</subfield>
	</datafield>
	<datafield ind1="1" ind2=" " tag="880">
		<subfield code="6">100-01/r</subfield>
		<subfield code="a">الشافعي، محمد بن ادريس،‪‪‪‪‪‪‪</subfield>
		<subfield code="d">767 او 768-820،‪‪‪‪‪‪‪</subfield>
		<subfield code="e">مؤلف.‪‪‪‪‪‪‪</subfield>
		<subfield code="4">aut.</subfield>
	</datafield>
	<datafield ind1="1" ind2="0" tag="880">
		<subfield code="6">245-02/r</subfield>
		<subfield code="a">ترتيب مسند الإمام المعظم و المجتهد المقدم أبي عبد الله محمد بن إدريس الشافعي المتوفى سنة 204 هـ.  /‪‪‪‪‪‪‪</subfield>
		<subfield code="c">رتبه المحدث البارع محمد عابد السندي على الأبواب الفقهية أنفع ترتيب، مع تهذيبه أبدع تهذيب بعد أن كان غير مبوب ولا مهذب ؛ عرف الكتاب وترجم للمؤلف العلامة المحدث الكبير صاحب الفضيلة الشيخ محمد زاهد بن الحسن الكوثري، وكيل المشيخة الإسلامية في الخلافة العثمانية سابقاً ؛ تولى نشره وتصحيحه ومراجعة أصوله على نسختين مخطوطتين بدار الكتب الملكية المصرية السيد يوسف علي الزواوي الحسني، من علماء الأزهر الشريف، السيد عزت العطار الحسيني، مؤسس ومدير مكتب نشر الثقافة الإسلامية.‪‪‪‪‪‪‪</subfield>
	</datafield>
	<datafield ind1=" " ind2="1" tag="880">
		<subfield code="6">264-00/r</subfield>
		<subfield code="a">مصر :‪‪‪‪‪‪‪</subfield>
		<subfield code="b">مطبعة السعادة،‪‪‪‪‪‪‪</subfield>
		<subfield code="c">1370 هـ. = 1951 م.‪‪‪‪‪‪‪</subfield>
	</datafield>
	<datafield ind1=" " ind2="1" tag="880">
		<subfield code="6">264-00/r</subfield>
		<subfield code="a">Miṣr :</subfield>
		<subfield code="b">Maṭbaʻat al-Saʻādah،</subfield>
		<subfield code="c">1370 H. = 1951 M.</subfield>
	</datafield>
	<datafield ind1=" " ind2=" " tag="880">
		<subfield code="6">300-03/r</subfield>
		<subfield code="a">2 جزء ؛‪‪‪‪‪‪‪</subfield>
		<subfield code="c">25 سم‪‪‪‪‪‪‪</subfield>
	</datafield>
	<datafield ind1=" " ind2=" " tag="880">
		<subfield code="6">500-00/r</subfield>
		<subfield code="a">يتضمن كشافات.‪‪‪‪‪‪‪</subfield>
	</datafield>
	<datafield ind1=" " ind2="4" tag="880">
		<subfield code="6">650-04/r</subfield>
		<subfield code="a">الحديث‪‪‪‪‪‪‪</subfield>
		<subfield code="v">اعمال قديمة حتى 1800.‪‪‪‪‪‪‪</subfield>
	</datafield>
	<datafield ind1=" " ind2="4" tag="880">
		<subfield code="6">650-05/r</subfield>
		<subfield code="a">الفقه الاسلامي‪‪‪‪‪‪‪</subfield>
		<subfield code="x">تفسير وبنية‪‪‪‪‪‪‪</subfield>
		<subfield code="v">اعمال قديمة حتى 1800.‪‪‪‪‪‪‪</subfield>
	</datafield>
	<datafield ind1=" " ind2="4" tag="880">
		<subfield code="6">650-06/r</subfield>
		<subfield code="a">المذهب الشافعي‪‪‪‪‪‪‪</subfield>
		<subfield code="v">اعمال قديمة حتى 1800.‪‪‪‪‪‪‪</subfield>
	</datafield>
	<datafield ind1="1" ind2=" " tag="880">
		<subfield code="6">700-07/r</subfield>
		<subfield code="a">السندي، محمد عابد،‪‪‪‪‪‪‪</subfield>
		<subfield code="d">-1841،</subfield>
		<subfield code="e">معد.‪‪‪‪‪‪‪</subfield>
		<subfield code="4">com.</subfield>
	</datafield>
	<datafield ind1="1" ind2=" " tag="880">
		<subfield code="6">700-08/r</subfield>
		<subfield code="a">الكوثري، محمد زاهد بن الحسن،‪‪‪‪‪‪‪</subfield>
		<subfield code="e">معد.‪‪‪‪‪‪‪</subfield>
		<subfield code="4">com.</subfield>
	</datafield>
	<datafield ind1="1" ind2=" " tag="880">
		<subfield code="6">700-09/r</subfield>
		<subfield code="a">الحسني، يوسف علي الزواوي،‪‪‪‪‪‪‪</subfield>
		<subfield code="e">محقق.‪‪‪‪‪‪‪</subfield>
		<subfield code="4">ann.</subfield>
	</datafield>
	<datafield ind1="1" ind2=" " tag="880">
		<subfield code="6">700-10/r</subfield>
		<subfield code="a">الحسني، عزت العطار،‪‪‪‪‪‪‪</subfield>
		<subfield code="e">محقق.‪‪‪‪‪‪‪</subfield>
		<subfield code="4">ann.</subfield>
	</datafield>
	<datafield ind1=" " ind2=" " tag="959">
		<subfield code="a">NNU</subfield>
		<subfield code="b">WEB</subfield>
		<subfield code="c">GENI</subfield>
		<subfield code="t">0</subfield>
		<subfield code="m">Electronic access</subfield>
		<subfield code="s">01</subfield>
	</datafield>
	<datafield ind1=" " ind2=" " tag="999">
		<subfield code="i">LeBAU_b1233571x</subfield>
		<subfield code="s">aub_aco001088:v.1</subfield>
		<subfield code="s">aub_aco001089:v.2</subfield>
		<subfield code="e">(ERROR-MISC)</subfield>
		<subfield code="s">aub_aco001088:v.1</subfield>
		<subfield code="s">aub_aco001089:v.2</subfield>
	</datafield>
</record>
